@article{fenn2006,
    author  =   {Fenn, J},
    title   =   {Managing Citations and Your Bibliography with BibTeX},
    journal =   {The PracTeX Journal},
    note     =  {\url{http://www.tug.org/pracjourn/2006-4/fenn/}},
    year    =   {2006}
}

@article{nolfi2004,
    author  =   {Nolfi, S},
    title   =   {ECAgents: Embodied and Communicating Agents},
    note    = {\url{http://www.ecagents.org/}},
    year    =   {2004}
}
@book{mehlhornsanders2008,
    author  =   {Mehlhorn, K and Sanders, P},
    title   =   {Algorithms and data structures. The basic toolbox},
    publisher   =   {Springer, Berlín, Alemania},
    year    =   {2008},
    pages   =   {33--35}
}

@book{minsky1975,
    author    = {Minsky, M},
    title     = {The Society of Mind},
    publisher = {Simon and Schuster, California, EE.UU.},
    year      = {1975},
    pages     = {12--15}"
}

@book{michalskietal1983,
    author    = {Michalski, R S and Carbonell, J G and Mitchell, T M (Eds.)},
    title     = {Machine learning, an artificial intelligence approach},
    volume    = {I},
    publisher = {Springer, Berlín, Alemania},
    year      = {1983}
}

@book{herran1998,
    author  = {de la Herrán, M},
    title   = {Computación Evolutiva},
    publisher   = {Insituto Juan Herrera, Madrid, España},
    year    = {1998}
}

@book{gordbergholland1988,
    author = {Gordberg, D and Holland, J},
    title = {Genetic Algorithms and Machine Learning},
    publisher = {Klumer Academic, Países Bajos},
    year = {1988}
}

@book{dorigocolombetti1994,
    author = {Dorigo, M and Colombetti, M},
    title = {Artificial Inteligence},
    volume = {72},
    publisher = {Elsevier, New York, EE.UU.},
    year    = {1994}
}